<record><leader>00000cas a22000007a 4500</leader><controlfield tag="001">39854894</controlfield><controlfield tag="008">980911d189u19uusduwr ne      0   a0eng d</controlfield><datafield ind1=" " ind2=" " tag="010"><subfield code="a">sn 98062914 </subfield></datafield><datafield ind1=" " ind2=" " tag="040"><subfield code="a">SXN</subfield><subfield code="b">eng</subfield><subfield code="c">SXN</subfield><subfield code="d">OCLCQ</subfield><subfield code="d">OCLCF</subfield><subfield code="d">OCLCO</subfield></datafield><datafield ind1="1" ind2=" " tag="029"><subfield code="a">AU@</subfield><subfield code="b">000014197053</subfield></datafield><datafield ind1=" " ind2=" " tag="042"><subfield code="a">msc</subfield></datafield><datafield ind1=" " ind2=" " tag="043"><subfield code="a">n-us-sd</subfield></datafield><datafield ind1="0" ind2=" " tag="130"><subfield code="a">Hartford herald (Hartford, S.D.)</subfield></datafield><datafield ind1="1" ind2="4" tag="245"><subfield code="a">The Hartford herald.</subfield></datafield><datafield ind1="1" ind2=" " tag="246"><subfield code="i">Issues for Jan. 23-May 21, 1908 published as:</subfield><subfield code="a">Hartford herald and the Hartford news</subfield></datafield><datafield ind1=" " ind2=" " tag="260"><subfield code="a">Hartford, S.D. :</subfield><subfield code="b">Albion Thorne</subfield></datafield><datafield ind1=" " ind2=" " tag="300"><subfield code="a">v.</subfield></datafield><datafield ind1=" " ind2=" " tag="310"><subfield code="a">Weekly</subfield></datafield><datafield ind1=" " ind2=" " tag="530"><subfield code="a">Available on microfilm from: State Archives, South Dakota State Historical Society.</subfield></datafield><datafield ind1=" " ind2=" " tag="588"><subfield code="a">Description based on: Vol. 8, no. 8 (July 21, 1899).</subfield></datafield><datafield ind1=" " ind2="0" tag="651"><subfield code="a">Hartford (S.D.)</subfield><subfield code="v">Newspapers.</subfield></datafield><datafield ind1=" " ind2="0" tag="651"><subfield code="a">Minnehaha County (S.D.)</subfield><subfield code="v">Newspapers.</subfield></datafield><datafield ind1=" " ind2="7" tag="655"><subfield code="a">Newspapers.</subfield><subfield code="2">fast</subfield><subfield code="0">(OCoLC)fst01423814</subfield></datafield><datafield ind1=" " ind2="7" tag="651"><subfield code="a">South Dakota</subfield><subfield code="z">Hartford.</subfield><subfield code="2">fast</subfield><subfield code="0">(OCoLC)fst01866071</subfield></datafield><datafield ind1=" " ind2="7" tag="651"><subfield code="a">South Dakota</subfield><subfield code="z">Minnehaha County.</subfield><subfield code="2">fast</subfield><subfield code="0">(OCoLC)fst01212332</subfield></datafield><datafield ind1=" " ind2=" " tag="752"><subfield code="a">United States</subfield><subfield code="b">South Dakota</subfield><subfield code="c">Minnehaha</subfield><subfield code="d">Hartford.</subfield></datafield><datafield ind1="0" ind2="0" tag="780"><subfield code="t">Plain talker</subfield><subfield code="w">(DLC)sn 98069082</subfield></datafield><datafield ind1="0" ind2="5" tag="780"><subfield code="t">Hartford news</subfield></datafield></record>